@online{rosebrock,
author = {Adrian Rosebrock},
title  = {Image classification with Keras and deep learning},
date   = {2017-12-11},
url    = {https://www.pyimagesearch.com/2017/12/11/image-classification-with-keras-and-deep-learning/}
}

@book{paper,
author = {Yann Lecun and L.D. Jackel and Leon Bottou and Corinna Cortes and J. S. Denker and Harris Drucker and I. Guyon and U.A. Muller and Eduard Sackinger and Patrice Simard and V. Vapnik},
title = {Learning algorithms for classification: A comparison on handwritten digit recognition},
date = {1995}
}
